<record><leader>01493cam a2200349 a 4500</leader><controlfield tag="001">1407999</controlfield><controlfield tag="008">911007s1985    maua     b    1   0 eng d</controlfield><datafield ind1=" " ind2=" " tag="010"><subfield code="a">   85014172</subfield></datafield><datafield ind1=" " ind2=" " tag="020"><subfield code="a">0870732412</subfield><subfield code="z">0870732455 (pbk.)</subfield></datafield><datafield ind1=" " ind2=" " tag="035"><subfield code="a">ocm12189066</subfield></datafield><datafield ind1=" " ind2=" " tag="040"><subfield code="a">DLC</subfield><subfield code="b">eng</subfield><subfield code="c">DLC</subfield></datafield><datafield ind1=" " ind2=" " tag="043"><subfield code="a">n-us---</subfield><subfield code="a">e-gw---</subfield></datafield><datafield ind1=" " ind2=" " tag="049"><subfield code="a">AEU</subfield><subfield code="b">eng</subfield></datafield><datafield ind1="0" ind2="0" tag="050"><subfield code="a">LB1044.7</subfield><subfield code="b">.T344 1985</subfield></datafield><datafield ind1="0" ind2=" " tag="082"><subfield code="a">374/.27</subfield><subfield code="2">19</subfield></datafield><datafield ind1="0" ind2=" " tag="090"><subfield code="a">LB 1044.7 T2558 1985</subfield></datafield><datafield ind1="0" ind2="0" tag="245"><subfield code="a">Television and adult education /</subfield><subfield code="c">edited by Robert L. Hilliard.</subfield></datafield><datafield ind1=" " ind2=" " tag="260"><subfield code="a">Cambridge, Mass. :</subfield><subfield code="b">Schenkman,</subfield><subfield code="c">c1985.</subfield></datafield><datafield ind1=" " ind2=" " tag="300"><subfield code="a">xix, 215 p. :</subfield><subfield code="b">ill. ;</subfield><subfield code="c">22 cm.</subfield></datafield><datafield ind1=" " ind2=" " tag="336"><subfield code="a">text</subfield><subfield code="b">txt</subfield><subfield code="2">rdacontent</subfield></datafield><datafield ind1=" " ind2=" " tag="337"><subfield code="a">unmediated</subfield><subfield code="b">n</subfield><subfield code="2">rdamedia</subfield></datafield><datafield ind1=" " ind2=" " tag="338"><subfield code="a">volume</subfield><subfield code="b">nc</subfield><subfield code="2">rdacarrier</subfield></datafield><datafield ind1=" " ind2=" " tag="500"><subfield code="a">"A seminar co-sponsored by Emerson College (Boston, Massachusetts, U.S.A.), the Goethe Institute (Federal Republic of Germany and Boston, Massachusetts), and the Adolf-Grimme-Institut (Marl, Federal Republic of Germany); held at Emerson College, Boston, May 12-14, 1983."</subfield></datafield><datafield ind1=" " ind2=" " tag="504"><subfield code="a">Includes bibliographies.</subfield></datafield><datafield ind1=" " ind2=" " tag="596"><subfield code="a">38</subfield></datafield><datafield ind1=" " ind2="0" tag="650"><subfield code="a">Television in adult education</subfield><subfield code="z">United States</subfield><subfield code="v">Congresses.</subfield></datafield><datafield ind1=" " ind2="0" tag="650"><subfield code="a">Television in adult education</subfield><subfield code="z">Germany (West)</subfield><subfield code="v">Congresses.</subfield></datafield><datafield ind1="1" ind2=" " tag="700"><subfield code="a">Hilliard, Robert L.,</subfield><subfield code="d">1925-</subfield></datafield><datafield ind1="2" ind2=" " tag="710"><subfield code="a">Emerson College.</subfield></datafield><datafield ind1="2" ind2=" " tag="710"><subfield code="a">Goethe-Institut (Munich, Germany)</subfield></datafield><datafield ind1="2" ind2=" " tag="710"><subfield code="a">Adolf-Grimme-Institut.</subfield></datafield><datafield ind1=" " ind2=" " tag="926"><subfield code="a">LB 1044.7 T2558 1985</subfield><subfield code="w">LC</subfield><subfield code="c">1</subfield><subfield code="i">000037797040</subfield><subfield code="d">10/8/1993</subfield><subfield code="l">ON_SHELF</subfield><subfield code="m">UABARD</subfield><subfield code="n">1</subfield><subfield code="p">$150.00</subfield><subfield code="r">Y</subfield><subfield code="s">Y</subfield><subfield code="t">BOOK</subfield><subfield code="u">10/15/1991</subfield><subfield code="o">.STAFF. A0043820</subfield></datafield></record>